<mx:record xmlns="http://www.w3.org/TR/xhtml1/strict" xmlns:mx="http://www.loc.gov/MARC21/slim" xmlns:xsi="http://www.w3.org/2001/XMLSchema-instance"><mx:leader>00000nz   2200000n  0000</mx:leader><mx:controlfield tag="001">oca07428158 </mx:controlfield><mx:controlfield tag="005">20070604144626.0</mx:controlfield><mx:controlfield tag="008">070604n| acannaabn          |a aaa      </mx:controlfield><mx:datafield ind1=" " ind2=" " tag="010"><mx:subfield code="a">n 2007039388</mx:subfield></mx:datafield><mx:datafield ind1=" " ind2=" " tag="040"><mx:subfield code="a">DLC</mx:subfield><mx:subfield code="b">eng</mx:subfield><mx:subfield code="c">DLC</mx:subfield></mx:datafield><mx:datafield ind1="0" ind2=" " tag="100"><mx:subfield code="a">Philostratus,</mx:subfield><mx:subfield code="d">b. ca. 220</mx:subfield></mx:datafield><mx:datafield ind1="0" ind2=" " tag="400"><mx:subfield code="a">Philostratus IV,</mx:subfield><mx:subfield code="d">b. ca. 220</mx:subfield></mx:datafield><mx:datafield ind1=" " ind2=" " tag="667"><mx:subfield code="a">The authorship of the 2nd collection of the Imagines has sometimes been attributed to this author, but the majority of Classical scholarship still seems to attribute this work to Philostratus the Lemnian, 3rd cent.</mx:subfield></mx:datafield><mx:datafield ind1=" " ind2=" " tag="670"><mx:subfield code="a">Wikipedia, June 4, 2007:</mx:subfield><mx:subfield code="b">(Philostratus IV; b. ca. 220)</mx:subfield></mx:datafield><mx:datafield ind1=" " ind2=" " tag="670"><mx:subfield code="a">Flinterman, Jaap-Jan. Power, paideia &amp; Pythagoreanism, 1995:</mx:subfield><mx:subfield code="b">p. 11 (W. Schmid atrributes the 2nd collection of the Imagines to a son of Philostratus III and the daughter of Philostratus II, known as Philostratus IV, but this view is debated)</mx:subfield></mx:datafield><mx:datafield ind1=" " ind2=" " tag="670"><mx:subfield code="a">Dictionary of Greek and Roman mythology online, June 4, 2007:</mx:subfield><mx:subfield code="b">(Suidas describes the first Philostratus as the son of Verus and alive during the reign of Nero (54-68 B.C.E.), the second Philostratus as the son of the first and alive during the reign of Philip the Arab (244-249 B.C.E.), and the third Philostratus as the grand-nephew of the second and the author of Eikonas, Panathenaikon, and Troikon. This chronologically impossible description has caused great confusion and speculation over the authorship of Philostratus&amp;#039;s works)</mx:subfield></mx:datafield><mx:datafield ind1=" " ind2=" " tag="999"><mx:subfield code="a">51</mx:subfield></mx:datafield></mx:record>